4616 5766
1150 303 1169 366 5

378 507 506 592 Quibus
534 507 682 575 omnibus
711 531 750 575 ex
776 509 855 575 locis
883 509 962 575 nihil
990 511 1137 576 concludi
1159 521 1275 597 potest,
1304 509 1364 575 nisi
1393 507 1592 574 imminutam
1621 531 1691 574 essa
1719 507 1871 596 areopagi
1897 517 2100 596 potestatem,

220 639 294 682 nam
317 637 380 682 vox
403 620 523 698 κρίσεις,
547 637 612 700 qua
633 614 735 680 utitur
756 613 950 680 Plutarchus
974 615 1103 690 (Pericl.
1120 617 1168 695 9),
1191 615 1378 703 ampliorem
1402 613 1563 704 quandam
1587 611 1684 680 babet
1707 613 1972 700 significationem
1994 635 2100 698 neque

221 719 324 786 solum
348 719 388 784 de
411 717 540 797 iudicio,
565 718 622 782 sed
645 718 739 783 etiam
755 718 802 784 de
825 731 937 784 senatu
960 719 1103 808 intellegi
1125 732 1241 808 potest.

378 821 464 889 Sunt
493 835 600 888 autem
627 822 759 908 quidam
788 823 841 888 alii
867 823 941 902 loci,
975 825 1158 911 exquibus
1188 826 1250 891 hoc
1276 837 1364 891 certe
1394 835 1539 913 apparet,
1572 846 1637 890 nou
1664 822 1814 909 adempta
1841 843 1909 888 esse
1940 843 2100 908 areopago

218 928 338 995 iudicia
360 927 517 1016 capitalia.
559 930 671 1013 Atque
693 927 850 1014 imprimis
873 929 1002 1014 quidem
1021 929 1187 1017 Antiphon
1210 930 1271 996 hoc
1294 940 1439 1008 testatur,
1462 929 1574 1015 quiin
1597 927 1739 995 oratione
1762 927 1804 991 de
1826 926 1925 992 caede
1946 925 2100 1005 Herodis,

219 1055 317 1118 quam
339 1031 537 1118 Mitylenaeo
566 1033 693 1098 cuidam
724 1031 862 1119 scripsit,
893 1034 1046 1120 postulat,
1075 1047 1110 1100 ut
1133 1058 1219 1113 rsus,
1249 1036 1305 1120 qui
1334 1035 1377 1100 ad
1399 1033 1549 1100 heliastas
1571 1033 1730 1098 deductus
1753 1044 1831 1109 erat,
1860 1031 1901 1096 ad
1923 1030 2101 1119 legitimum

221 1137 375 1202 iudicium
399 1137 432 1213 (i.
455 1159 482 1201 e.
505 1144 715 1225 areopagum)
739 1136 933 1216 deducatur;
965 1137 1073 1218 οὕτως,
1102 1139 1218 1225 inquit,
1250 1145 1312 1224 οἵγε
1341 1140 1433 1222 νόμοι
1461 1136 1601 1203 κάλλιστα
1623 1146 1736 1202 κεῖνται
1759 1141 1792 1201 oi
1811 1139 1879 1220 περὶ
1901 1133 2013 1218 φόνου,
2045 1133 2101 1212 οὓς

223 1237 324 1318 addela
352 1237 473 1308 ποὶποτε
501 1239 640 1325 ἐτόλμησε
670 1250 801 1324 κινῆσαι.
831 1279 869 1292 -
900 1243 996 1310 Alter
1018 1244 1108 1310 testis
1132 1244 1366 1310 Demosthenes
1388 1253 1449 1322 est,
1480 1252 1592 1307 eontra
1614 1240 1771 1307 Aristocr.
1794 1240 1887 1322 §662
2010 1246 2099 1305 τοῦτο

220 1341 316 1428 μόνον
337 1343 371 1410 td
396 1342 589 1429 δικαστήριον
612 1341 678 1429 οὐχὶ
699 1343 859 1428 τύραννος,
882 1345 940 1412 οὐκ
963 1343 1118 1432 ὀλιγαρχία
1141 1344 1178 1414 od
1203 1355 1387 1432 δημοκραιία
1409 1348 1462 1424 τὰς
1478 1345 1607 1428 φουιιιᾶς
1623 1351 1708 1420 δίκας
1725 1341 1892 1427 ἀφελέσθαι
1914 1341 2099 1427 τετόλμηκεν.

376 1448 543 1516 Boeolrhio
576 1448 708 1534 quidem
736 1449 787 1515 vel
822 1449 884 1516 hoc
910 1450 1163 1519 luculentissimo
1192 1452 1373 1519 testimonio
1403 1475 1467 1518 uon
1500 1450 1713 1538 persuadetur
1741 1473 1815 1516 eum
1848 1447 1948 1515 dicat:
1992 1447 2100 1534 ,quod

223 1554 458 1622 Demosthenes
494 1577 656 1642 areopago
685 1554 765 1622 haec
794 1555 912 1622 iudicia
939 1581 1081 1642 unquam
1110 1580 1180 1624 esse
1210 1570 1319 1646 erepta
1346 1569 1443 1644 negat
1468 1556 1608 1624 oratorio
1639 1555 1734 1622 modo
1762 1567 1991 1642 exaggeratum
2019 1559 2099 1618 est“.

221 1661 300 1726 Eius
330 1659 520 1726 sententiam
551 1660 699 1744 sequitur
728 1659 989 1727 Schoemannus:
1027 1663 1115 1738 ,dies
1148 1663 1191 1728 ist
1218 1661 1388 1729 sichsrlich
1414 1661 1527 1739 falsch,
1560 1660 1628 1726 und
1662 1662 1721 1725 mit
1748 1659 1970 1725 reduerischer
1992 1641 2099 1722 Uber·

220 1765 369 1850 treibung
391 1763 622 1852 gesprocben“.
668 1763 736 1829 Sed
763 1778 850 1830 recte
873 1788 983 1831 eorum
1012 1768 1201 1832 sententiam
1230 1767 1348 1834 refutat
1371 1766 1413 1833 G.
1430 1766 1636 1832 Hermannns
1660 1771 1783 1851 (opusc.
1799 1764 1860 1842 IV,
1884 1764 1976 1842 299)
2011 1760 2100 1839 ,Sed

220 1869 300 1956 quid
332 1869 460 1934 taudem
492 1881 541 1933 cst
572 1869 798 1957 exaggeratio?
829 1872 1016 1957 exaggerari
1047 1872 1178 1958 quidam
1209 1897 1273 1938 non
1304 1882 1421 1957 potest,
1454 1871 1541 1954 quod
1572 1869 1694 1936 nullum
1728 1880 1785 1947 est,
1818 1869 1893 1953 quia
1924 1889 2007 1952 quae
2035 1889 2098 1932 non

220 1985 305 2053 sunt,
334 1996 438 2059 neque
461 1972 573 2060 augeri
595 1985 741 2062 possunt,
770 1997 874 2059 neque
897 1974 1014 2054 minui)
1043 1999 1144 2062 quare
1170 1982 1197 2042 si
1225 1977 1364 2063 quodam
1394 1988 1538 2063 tempore
1567 1997 1631 2040 non
1660 1973 1772 2039 habuit
1798 1983 1990 2061 potestatem
2012 1971 2100 2036 illam

221 2101 409 2166 areopagus,
436 2079 597 2164 quomodo
625 2101 684 2166 per
711 2080 991 2167 exaggerationem
1022 2081 1084 2146 dici
1112 2082 1226 2169 potuit,
1254 2083 1343 2147 nullo
1373 2093 1517 2169 tempore
1547 2104 1610 2148 non
1642 2079 1834 2146 habuissem
1862 2077 2096 2144 -Postremo

221 2194 487 2250 commemoretur
508 2183 738 2262 testimonium,
762 2183 849 2269 quod
870 2184 1124 2250 Forchhammer
1146 2188 1271 2274 primus
1294 2186 1399 2252 attulit
1422 2184 1523 2271 (Allg.
1540 2183 1770 2273 Schnlzeitung
1789 2185 1881 2250 1830.
1904 2181 1947 2248 11.
1970 2182 2027 2247 Nr.
2041 2183 2097 2262 30)

221 2311 260 2354 ex
289 2289 466 2376 appendice
495 2288 537 2353 ad
565 2288 675 2354 Photii
705 2289 828 2355 lexicon
860 2313 934 2376 pag.
958 2291 1020 2354 673
1051 2313 1100 2376 sq.
1123 2292 1173 2356 ed.
1194 2291 1335 2358 Porson:
1368 2295 1418 2356 καί
1445 2293 1627 2372 κατέστησαν
1656 2295 1711 2371 (sc.
1741 2295 1774 2354 οί
1800 2285 2027 2372 νομοφύλακες)
2058 2282 2100 2363 ὥς

226 2394 402 2477 Φιλόχορος,
432 2392 480 2458 ὅτε
498 2389 659 2473 Ἐφιάλτης
680 2395 760 2475 μόνα
783 2399 918 2460 κατέλιπε
940 2407 976 2478 τι]
998 2399 1027 2474 ἐξ
1046 2393 1160 2480 Ἀρείου
1183 2395 1283 2483 πάγου
1305 2403 1402 2483 βουλῇ
1423 2390 1459 2458 nd
1481 2390 1558 2478 ὑπὲρ
1580 2403 1637 2459 τοῦ
1659 2392 1808 2477 σώματος.
1838 2429 1876 2440 -
1911 2389 1978 2474 Qui
2007 2391 2097 2457 loeus

220 2495 262 2562 ob
286 2519 355 2562 eam
378 2496 581 2585 potissimum
604 2519 672 2563 reru
694 2498 809 2563 summi
833 2497 874 2562 ad
897 2500 1116 2583 quaestionem
1139 2511 1283 2566 nostram
1304 2499 1457 2566 momenti
1473 2509 1532 2576 est,
1555 2498 1642 2583 quod
1657 2521 1722 2564 non
1738 2497 1842 2564 solum
1866 2503 1917 2573 (ut
1928 2495 2098 2583 Antiphon

219 2613 251 2666 et
272 2601 523 2686 Demosthenes)
552 2614 697 2680 testatur,
727 2601 846 2666 iudicia
874 2605 1021 2689 capitalia
1048 2628 1113 2670 non
1141 2627 1212 2670 esse
1242 2605 1391 2693 adempta
1420 2626 1479 2688 per
1506 2603 1681 2690 Ephialten
1710 2624 1881 2690 areopago,
1914 2600 1972 2668 sed
2001 2601 2098 2665 etiam

220 2706 369 2784 ostendit,
402 2729 472 2771 earn
503 2717 705 2792 potestatem,
738 2728 821 2791 quae
855 2707 998 2773 detracta
1031 2711 1073 2775 sit
1105 2733 1277 2796 areopago,
1311 2708 1498 2796 pervenisse
1526 2708 1566 2772 ad
1598 2708 1824 2791 νομοφύλακας.
1870 2705 1985 2792 Neque
2014 2706 2096 2771 enim

218 2812 374 2877 iudicium
402 2833 510 2876 rerum
540 2811 723 2898 capitalium
752 2809 913 2876 sublatum
941 2835 1012 2878 esse
1042 2826 1185 2901 apparet,
1216 2815 1274 2879 sed
1303 2825 1460 2891 senatum,
1492 2817 1652 2878 ἐπίσκοπον
1674 2809 1797 2876 πάντων
1819 2817 1871 2878 καί
1894 2811 2015 2891 peram
2037 2820 2098 2876 ιιῐυ

221 2913 336 2998 νόμον,
359 2925 395 2983 ut
417 2939 437 2980 a
458 2915 634 2981 Plutarcho
658 2915 810 3005 appellari
833 2939 1028 3005 areopagum
1053 2942 1151 3007 supra
1173 2920 1502 2986 commemoravimus.
1526 2954 1564 2964 -
1590 2914 1658 2981 Sed
1682 2915 1779 2980 etiam
1802 2914 2024 3004 deficientibus
2046 2915 2096 2981 his

219 3019 479 3086 luculentissimis
508 3021 696 3089 testimoniis
726 3044 766 3085 ex
794 3019 891 3087 rebus
919 3023 999 3110 ipsis
1028 3023 1220 3090 concludere
1248 3024 1368 3102 liceret,
1396 3045 1479 3107 qnae
1507 3032 1617 3108 erepta
1645 3021 1709 3086 siut
1740 3042 1900 3107 areopago
1928 3020 2097 3110 Ephialtae

219 3125 299 3214 lege.
322 3163 361 3174 —-
388 3125 627 3208 Quaerentibus
650 3125 745 3203 enim,
773 3126 901 3210 quade
924 3149 1022 3194 causa
1043 3151 1222 3216 areopagus
1245 3127 1381 3194 Periclis
1410 3125 1550 3192 consiliis
1572 3125 1801 3212 impedimento
1823 3126 1930 3205 fuerit,
1962 3150 2096 3215 respon-

220 3230 361 3296 dendum
383 3243 446 3296 cst:
476 3232 564 3317 quod
593 3235 754 3306 ἐπίσκοπος
777 3242 845 3295 erat
867 3233 1000 3310 πάντων,
1024 3237 1075 3298 καί
1097 3232 1196 3315 φύίιιξ
1217 3242 1278 3298 τοῖν
1300 3229 1413 3315 νόμον,
1439 3253 1504 3296 non
1527 3253 1575 3309 eo,
1599 3231 1685 3315 quod
1708 3229 1826 3295 iudicia
1848 3230 1986 3297 habebat
2008 3233 2096 3319 oapi·

220 3335 306 3414 talia,
329 3359 412 3421 quae
434 3337 462 3401 si
484 3334 626 3412 Pericles
651 3335 680 3400 ei
703 3335 885 3414 ademisset,
908 3359 972 3402 non
996 3336 1098 3402 solnm
1122 3336 1201 3402 nihil
1223 3337 1423 3423 profecisset,
1448 3336 1506 3401 sed
1528 3336 1661 3401 fortasse
1683 3335 1735 3401 vel
1757 3337 1826 3424 ipse
1848 3335 1910 3402 sibi
1933 3337 2095 3403 defuisset

373 3439 450 3508 dam
473 3442 648 3526 quaeritur,
673 3463 737 3526 quo
758 3451 904 3528 tempore
926 3441 977 3506 lex
993 3441 1164 3529 Ephialtae
1186 3441 1310 3529 perlata
1332 3442 1383 3506 sit.
1399 3479 1438 3488 —
1458 3441 1509 3506 Ao
1524 3440 1718 3507 Plutarchus
1741 3443 1872 3527 quidem
1895 3453 2004 3506 narrat
2025 3442 2096 3508 loco

219 3568 319 3633 supra
347 3547 443 3612 citato
467 3545 564 3624 (Cim.
591 3548 643 3625 15)
673 3545 877 3610 imminutum
905 3568 976 3612 esse
1004 3568 1211 3634 areopagum,
1240 3569 1313 3611 cum
1343 3546 1460 3610 iterum
1490 3568 1563 3611 cum
1590 3545 1690 3610 classe
1713 3545 1970 3633 proficisceretur
1992 3545 2095 3613 Cimo.

219 3687 258 3697 —
285 3650 360 3717 Non
391 3651 467 3717 satis
497 3663 633 3728 constat,
662 3651 703 3715 ad
730 3672 828 3734 quam
857 3651 1092 3737 expeditionem
1115 3651 1284 3716 referenda
1306 3652 1371 3716 sint
1391 3650 1490 3716 verba
1512 3647 1554 3726 ὥς
1577 3653 1608 3716 ti
1629 3649 1720 3714 πάλιν
1743 3654 1903 3728 ἐξέπλευσε,
1928 3651 1985 3716 sed
2008 3674 2096 3717 oom-

218 3755 357 3842 plurium
387 3756 530 3820 virorum
559 3755 726 3820 doctorum
757 3755 785 3820 si
813 3757 978 3840 sequimur
1006 3756 1241 3834 sententiam1),
1271 3754 1439 3823 Cimonem
1469 3756 1563 3820 classi
1586 3755 1831 3820 Atheniensium
1855 3757 2034 3842 praefuisse
2062 3759 2095 3823 in

218 3858 301 3924 bello
317 3860 480 3948 Aegyptio
502 3869 534 3924 et
556 3858 610 3925 illa
633 3858 731 3925 verba
753 3860 794 3924 de
815 3861 877 3926 hoc
898 3860 983 3926 bello
1007 3882 1078 3926 esse
1100 3860 1326 3948 intellegenda,
1350 3861 1568 3926 consentimus
1592 3883 1666 3925 cum
1685 3860 1830 3926 Diodoro
1838 3861 1876 3941 ²),
1900 3862 1956 3948 qui
1979 3875 2095 3940 narrat,

219 3963 322 4051 legem
344 3965 514 4052 Ephialtes
535 3965 648 4031 eodem
672 3977 816 4052 tempore
840 3987 910 4031 esse
932 3964 1098 4053 perlatam,
1121 3987 1186 4050 quo
1208 3966 1240 4030 in
1265 3965 1420 4053 Aegypto
1444 3964 1563 4030 bellurn
1585 3977 1762 4052 gereretur,
1787 3989 1870 4032 anno
1894 3964 1948 4033 Ol.
1973 3968 2071 4034 80.1.

373 4069 561 4136 Proximum
585 4081 645 4147 est,
672 4082 708 4134 nt
729 4092 931 4154 quaeramus,
958 4092 1023 4154 qua
1046 4084 1200 4158 exparte
1223 4071 1347 4136 steterit
1370 4069 1562 4156 Aeschylus,
1586 4080 1694 4136 utrum
1717 4069 1872 4136 nobilium
1895 4095 1934 4138 an
1958 4073 2094 4160 popula-

217 4175 302 4241 rium
324 4175 468 4264 partibus
490 4176 613 4241 laverit.

373 4281 463 4346 Nihil
486 4303 567 4367 opus
593 4290 677 4346 esset
699 4301 737 4345 ea
755 4280 951 4364 quaestione,
974 4281 1125 4365 quoniam
1149 4279 1189 4344 de
1211 4279 1267 4345 illa
1288 4301 1323 4344 re
1345 4304 1364 4345 a
1386 4279 1474 4345 nullo
1497 4302 1638 4364 unquam
1661 4281 1805 4365 priorum
1828 4279 2010 4346 dubitatum
2033 4293 2093 4361 est,

218 4384 280 4449 nisi
295 4382 466 4464 Oncken³)
490 4385 584 4472 plane
607 4383 798 4451 contrariam
816 4384 1002 4472 protulisset
1024 4386 1222 4452 sententiam.
1262 4382 1338 4467 Qua
1361 4385 1400 4450 de
1423 4407 1522 4450 causa
1544 4408 1608 4451 non
1631 4384 1770 4450 alienum
1793 4385 1921 4451 videtur
1943 4410 1962 4451 a
1984 4399 2094 4452 nostra

218 4490 403 4573 quaestione
420 4490 649 4568 demonstrare,
674 4490 751 4576 quid
775 4490 816 4555 de
832 4490 1079 4556 Atheniensium
1100 4490 1266 4577 republica
1286 4491 1447 4557 censuerit
1461 4490 1652 4576 Aeschylus.
1670 4527 1708 4538 -
1727 4490 1779 4556 Ac
1801 4490 1940 4576 primum
1963 4491 2094 4574 quidem

219 4619 256 4661 ea
287 4607 401 4684 poetae
435 4596 593 4663 sententia
626 4596 822 4682 intellegitur
855 4619 895 4662 ex
921 4596 1042 4663 Persis.
1076 4635 1115 4644 —
1152 4596 1277 4662 Eodem
1311 4595 1397 4660 enim
1430 4595 1536 4673 modo,
1572 4617 1637 4679 quo
1666 4595 1828 4660 Aristides
1857 4616 1930 4659 oum
1960 4595 2095 4682 pristina

217 4700 466 4767 Atheniensium
493 4713 585 4788 parte
613 4699 719 4767 stabat
747 4701 901 4766 adversus
924 4701 1185 4779 Themistoclem,
1214 4713 1327 4787 postea
1350 4697 1443 4765 Cimo
1473 4698 1675 4764 adversarius
1706 4710 1774 4764 erat
1794 4698 1923 4766 Pericli.
1947 4736 1986 4747 -
2011 4699 2095 4766 Tota

378 4877 397 4946 ¹)
414 4875 447 4931 K.
466 4875 497 4931 0.
515 4875 619 4938 Meller,
639 4874 799 4930 Eumenideu
817 4891 877 4945 pag.
893 4875 952 4929 118.
965 4907 997 4915 —
1013 4875 1129 4940 Vischsr‚
1147 4873 1244 4928 Kimon
1261 4889 1324 4942 pag.
1337 4874 1379 4928 59.
1414 4870 1521 4942 Campe,
1539 4871 1798 4929 renarrantem.
1811 4903 1844 4912 -
1858 4871 1970 4938 damiam
1990 4871 2094 4929 Griech.

218 4962 312 5018 Gesch.
333 4963 373 5018 11.
390 4979 451 5034 pag.
472 4964 531 5018 135.

373 5051 394 5118 ²)
411 5051 458 5116 XI,
478 5051 521 5105 77.

373 5137 396 5209 ⁸)
414 5136 505 5192 Athen
523 5136 577 5190 und
595 5136 693 5191 Hellas.
715 5137 737 5192 1.
754 5153 816 5207 pag.
834 5137 886 5191 219
898 5136 925 5190 ff.
