4616 5766
1110 318 1319 423 „AO-

430 529 543 620 Atque
569 531 614 599 ita
643 528 848 622 intellegendi
879 548 955 600 suut
985 553 1096 600 omnes
1126 532 1172 598 illi
1202 533 1300 600 totius
1329 533 1457 600 lahnlac
1483 530 1557 608 loci,
1586 527 1703 618 quibus
1730 533 1871 600 summis
1900 529 2054 602 laudibus
2077 535 2165 602 effert

273 651 368 725 poeta
395 639 547 726 areopagi
577 641 812 717 auctoritatem,
847 639 1005 726 imprimis
1034 639 1121 704 clara
1152 637 1207 703 illa
1234 639 1337 704 oratio
1366 638 1547 704 Minervae.
1596 639 1687 720 Quid
1714 641 1810 704 vero?
1860 638 1916 704 Sit
1943 663 2021 706 sane
2049 643 2168 729 scripta

273 741 414 808 Oresten
442 744 516 828 lege
538 743 709 830 Ephialtac
738 743 881 808 nondum
912 743 1045 830 perlata,
1075 744 1113 808 in
1137 765 1296 809 scenam
1320 745 1523 830 producta
1544 755 1594 808 est
1614 757 1739 831 postea.
1784 742 1864 810 Hoc
1889 746 1918 808 si
1942 743 2081 810 dubitari
2104 769 2166 810 non

273 861 389 934 potest,
414 871 520 913 nonne
543 870 653 914 omnes
677 849 749 914 illae
772 848 1021 936 significationes
1044 869 1142 913 sensu
1165 860 1263 932 atquc
1285 848 1420 914 consilio
1443 850 1576 914 carent?
1621 847 1758 914 Minime
1778 871 1871 913 vero.
1896 885 1937 895 —-
1963 845 2167 934 Quamquam

275 953 359 1016 enim
382 951 576 1036 quibusdam
599 953 677 1018 locis
702 955 814 1018 timere
836 953 965 1018 videtur
987 967 1092 1040 poeta,
1121 964 1226 1018 tamen
1257 975 1448 1040 persuasum
1471 953 1577 1032 habet,
1606 954 1721 1018 iustam
1749 975 1817 1018 rem
1841 953 2019 1018 victoriam
2042 953 2166 1017 tandem

274 1057 447 1141 aliquando
475 1059 759 1144 reportaturam1).
804 1057 921 1142 Neque
950 1081 1028 1123 vero
1056 1057 1268 1124 dubitandum
1297 1073 1357 1136 est,
1386 1060 1464 1143 quiu
1493 1058 1645 1145 permulti
1672 1058 1792 1122 fuerint
1817 1057 1979 1135 Athenis,
2009 1058 2067 1142 qui
2095 1080 2167 1122 con-

275 1161 345 1226 silia
369 1160 539 1247 Ephialtes
570 1163 635 1237 (vel
656 1162 808 1241 Periclis)
837 1161 1056 1249 improbantes
1083 1162 1118 1228 id
1145 1175 1288 1248 agerent,
1324 1176 1361 1227 ut
1387 1162 1440 1227 lex
1467 1162 1714 1240 rescinderetur,
1753 1185 1837 1247 quae
1869 1162 2015 1227 fortasse
2042 1183 2084 1225 ne
2111 1163 2165 1225 rite

276 1266 406 1349 quidem
435 1266 558 1352 perlata
586 1281 666 1344 erat,
705 1266 794 1352 quod
822 1267 917 1331 talem
944 1267 1053 1353 legum
1082 1267 1362 1334 commutationem
1391 1290 1455 1332 non
1483 1275 1657 1350 ψηφίσματι
1686 1265 1744 1332 sed
1775 1266 1862 1354 νόμῳ
1894 1266 1971 1331 fieri
2006 1265 2162 1351 oportebat

278 1370 420 1447 (Muller,
436 1371 607 1437 Eumenid.
624 1395 697 1459 pag.
711 1375 788 1450 117)
813 1383 846 1435 ct
868 1372 957 1456 quod
979 1375 1132 1459 areopagi
1153 1373 1343 1440 intercessio
1364 1373 1511 1458 neglecta
1534 1384 1602 1437 erat
1625 1371 1787 1449 (Curtius,
1812 1369 1957 1436 Griech.
1976 1368 2161 1436 Gesehichte

275 1473 322 1552 ΙΙ,
342 1476 427 1550 135).
471 1476 558 1541 Utut
588 1499 640 1542 res
669 1499 703 1540 se
732 1475 838 1554 habet,
869 1488 1005 1554 constat,
1037 1476 1173 1543 Cimone
1203 1478 1300 1564 paulo
1328 1490 1500 1565 postquam
1529 1476 1582 1540 lex
1610 1474 1737 1562 perlata
1769 1487 1820 1540 est
1851 1476 2012 1541 Athenas
2045 1497 2158 1540 reverso

276 1580 592 1646 vehementissimum
615 1597 777 1646 certamen
800 1580 841 1645 de
863 1602 1024 1667 areopago
1047 1582 1215 1660 exarsisse,
1237 1582 1327 1667 quod
1348 1581 1480 1666 quidem
1503 1580 1615 1646 exsilio
1631 1579 1777 1646 Cimonis
1799 1579 1936 1645 linitum
1962 1593 2025 1645 est.
2043 1616 2076 1626 -
2098 1577 2156 1642 Sed

277 1697 472 1770 quamquam
501 1685 530 1749 is
561 1696 694 1751 conatus
725 1685 766 1750 ad
794 1685 918 1749 irritum
947 1685 1097 1752 redactus
1125 1699 1183 1764 est,
1215 1701 1321 1752 tamen
1350 1699 1437 1751 certe
1465 1709 1556 1773 spem
1581 1685 1733 1772 areopagi
1756 1685 1961 1750 restituendi
1986 1709 2044 1750 nou
2063 1683 2151 1768 depo-

277 1803 412 1855 suerunt
433 1789 569 1868 nobiles,
592 1812 768 1875 eorumque
792 1813 882 1878 spem
905 1812 969 1854 nou
992 1813 1107 1854 vanam
1129 1792 1238 1870 fuisse,
1261 1791 1439 1878 posteriora
1461 1801 1606 1876 tempora
1628 1789 1816 1855 docuerunt.
1838 1827 1883 1836 -
1909 1789 2061 1876 Triginta
2077 1785 2142 1850 euim

278 1896 422 1981 tyrannis
453 1895 596 1982 expulsis
626 1917 787 1981 areopago
817 1894 925 1979 legum
954 1895 1110 1973 custodia,
1141 1919 1237 1980 quam
1267 1895 1434 1982 Ephialtes
1463 1895 1493 1960 ei
1521 1895 1695 1972 ademerat,
1728 1893 1879 1959 restituta
1910 1907 1977 1960 est.
2023 1888 2140 1975 (Euclide
2256 1937 2257 1940 ,

278 2000 431 2066 archonte
453 2022 536 2065 anno
558 1997 669 2082 4032.)

434 2103 549 2190 Itaque
571 2103 652 2170 nihil
676 2116 757 2183 erat,
787 2105 876 2190 quod
899 2125 1043 2189 eaquae
1066 2105 1240 2192 scripserat
1261 2116 1472 2170 commutaret
1493 2102 1685 2190 Aeschylus,
1714 2125 1787 2168 cum
1811 2101 1964 2169 fabulam
1989 2103 2022 2167 iu
2045 2119 2148 2165 seman

278 2210 480 2298 produceret

279 2505 334 2575 lag,
353 2505 425 2560 kann
443 2504 524 2559 ihnen
542 2503 619 2560 nicht
636 2503 816 2558 willkommeu
833 2504 900 2558 sein.
919 2533 953 2542 —
971 2502 1019 2558 Ich
1037 2502 1099 2558 dari
1113 2505 1151 2558 aie
1168 2504 1220 2558 mir
1237 2505 1316 2573 mhig
1331 2503 1448 2573 gelallen
1468 2503 1561 2568 lassam
1585 2503 1622 2558 da
1639 2503 1682 2558 ich
1700 2502 1845 2573 uberaeugt
1863 2503 1924 2570 bin,
1945 2505 2010 2560 dats
2027 2495 2146 2566 Aerulis

279 2609 334 2648 aur
350 2592 447 2648 Wahl
470 2592 583 2646 seiuea
600 2589 728 2646 Stellas
751 2591 849 2645 nicht
866 2589 971 2645 durch
989 2589 1044 2644 die
1061 2588 1194 2645 Politik
1213 2591 1270 2646 der
1288 2591 1376 2653 Zeit,
1400 2591 1548 2646 sondern
1572 2589 1718 2645 dadnrch
1743 2589 1921 2645 bestimmt
1947 2588 2082 2645 worden
2101 2581 2148 2640 sei.

279 2681 355 2736 dass
377 2697 412 2735 er
435 2680 495 2734 ihn
519 2680 596 2735 echi
620 2678 773 2749 tragiseh
795 2677 862 2732 und
885 2695 938 2732 rur
962 2677 1190 2747 Darstellung
1213 2678 1338 2749 ewiger
1354 2678 1458 2734 ldeen
1482 2679 1647 2748 geeignet
1670 2677 1760 2733 laud.
1784 2709 1818 2717 —-
1841 2677 1903 2732 Gab
1923 2696 1954 2733 er
1973 2679 2031 2733 ihm
2049 2667 2150 2742 ungleitl

280 2767 459 2838 Gelegenheit
476 2784 507 2821 ru
524 2767 663 2836 aperiellen
682 2765 840 2836 politischen
858 2764 1053 2835 Beziehungen,
1070 2781 1099 2819 so
1117 2763 1245 2820 beuntate
1262 2781 1291 2819 er
1309 2765 1380 2819 dirae
1397 2767 1496 2819 seinem
1515 2765 1596 2821 Sinna
1612 2767 1727 2836 gemals;
1751 2765 1831 2821 aher
1850 2769 1952 2821 seins
1972 2763 2088 2821 Poesir
2102 2772 2150 2812 nur

281 2872 349 2911 rum
367 2856 569 2924 Werkrenge
587 2856 697 2908 rainer
714 2853 848 2908 Politik
866 2869 903 2908 au
920 2851 1147 2922 gebrauchen,
1166 2852 1225 2922 lag
1241 2853 1360 2922 geniis
1378 2853 1473 2907 nicht
1490 2853 1523 2907 in
1540 2853 1666 2908 seinem
1684 2853 1793 2907 Sinne.

444 2945 464 3012 ι)
481 2958 507 2998 V.
524 2945 585 2998 476.
620 2941 725 3011 θεσμὸν
742 2941 790 2994 τὸν
807 2945 842 2999 εἰς
860 2937 953 2992 ἅπαντ’
974 2942 1021 3010 lyei
1041 2939 1117 3010 θήσω
1133 2938 1236 3010 χρόνον.

523 3030 583 3083 562.
929 3032 973 3079 καὶ
991 3034 1095 3097 μαθεῖν
1112 3029 1230 3096 θεσμοὺς
1249 3026 1326 3096 lporis

618 3113 695 3168 πόλιν
712 3135 740 3166 τε
760 3116 848 3166 πᾶσαν
866 3118 900 3175 εἰς
918 3117 966 3167 τόι·
984 3117 1063 3183 ulcere}
1077 3113 1180 3187 χρόνον.

522 3206 583 3261 958.
618 3199 673 3256 ἄλλ’
691 3201 831 3275 ἐκράτησεν
849 3204 911 3264 Ζεὺς
929 3199 1052 3276 ιῖγοριιῖος

620 3293 676 3356 νικᾷ
694 3287 720 3342 d'
740 3286 856 3360 ἇγαθῶν

619 3384 667 3446 ἶρις
685 3374 798 3450 ἡμετέρα
818 3381 861 3430 dui
881 3377 987 3438 παντός.

435 3467 458 3536 ¹)
481 3467 514 3521 of.
531 3467 664 3520 'l'immeni
680 3466 775 3536 legem,
799 3465 900 3522 Andoc,
919 3467 952 3521 de
969 3468 1047 3535 myst,
1065 3465 1137 3533 583.
1172 3464 1347 3531 ἐπιμελείσθω
1370 3457 1485 3530 ἠβουλὴ
1503 3456 1520 3528 ig
1537 3465 1562 3518 li
1577 3459 1677 3531 Ἀρείου
1694 3459 1779 3529 πάγου
1798 3463 1852 3512 τᾶν
1870 3459 1963 3529 νόμων,
1990 3455 2063 3514 ὅπως
2081 3453 2115 3504 civ
2132 3451 2156 3500 “l

280 3549 360 3625 ‹iplni
378 3561 433 3612 τοῖς
451 3560 575 3621 κειμένοις
593 3551 682 3622 νόμοις
696 3553 819 3625 χρῶηαι.
