4616 5766
1144 269 1163 330 7

1050 359 1257 366 -——-..-——-

368 479 479 564 Atque
508 476 589 544 illud
616 476 722 556 ctiam,
750 477 838 562 quod
866 499 961 544 versu
985 477 1049 544 573
1077 499 1156 544 voce
1185 475 1304 555 ἄριστος
1331 477 1443 556 utitur,
1475 477 1562 542 haud
1590 477 1657 543 scio
1686 499 1727 542 an
1757 477 1798 542 de
1821 475 1956 542 consilio
1983 475 2095 542 lecerit

213 583 405 670 Aeschylus,
439 580 572 648 consilio
606 603 721 669 nempe
755 605 793 650 eo
827 597 863 647 ut
894 581 1051 650 similibus
1082 581 1254 648 verborum
1290 581 1389 647 initiis
1420 582 1576 670 populum
1611 579 1765 648 Aristidis
1798 580 2094 649 commonefaceret.

216 689 317 772 Quae·
330 701 439 754 autem
461 686 559 774 paulo
581 685 664 752 inlra
686 687 727 752 de
742 687 940 774 Amphiarao
963 685 1125 766 dicuntur,
1148 709 1189 752 ne
1210 687 1330 752 iustum
1350 685 1481 772 quidem
1495 687 1667 764 hominem,
1691 687 1718 752 ei
1734 685 1865 752 consilia
1882 685 2094 752 communicat

213 817 295 861 cum·
308 790 464 881 improbis
487 790 619 856 exitium
644 791 785 880 effugere
808 811 912 875 posse,
936 791 1065 880 optime·
1078 791 1110 856 in
1133 790 1288 857 Aristidis
1311 791 1472 857 fortunam
1497 792 1644 858 videntur
1667 791 1870 876 quadrarel).

248 899 250 904 ’
371 895 423 962 Ειι
444 895 494 962 his
517 917 600 981 quae
622 896 787 962 attulimus
809 897 964 983 exemplis
987 907 1120 984 apparet
1141 895 1211 961 fieri
1234 919 1298 962 non
1320 897 1475 983 potuisse,
1498 909 1534 963 ut
1548 897 1633 963 idem
1648 896 1703 962 ille
1719 895 1911 982 Aeschylus,
1934 894 1990 980 qui
2005 895 2093 982 apud

160 1075 165 1084 ‚
201 1002 438 1069 Marathonem
467 1013 579 1066 contra
599 1000 717 1067 Persas
745 1002 947 1090 pugnaverit,
978 1001 1034 1088 qui
1058 1000 1235 1067 Aristidem
1264 997 1399 1086 eiusque
1426 1001 1541 1066 merita
1563 1023 1664 1088 prope
1686 999 1772 1066 iusto
1795 999 1897 1086 magis
1919 999 2094 1086 praedicet,

97 1097 103 1118 ³
213 1107 332 1176 Pericli
362 1106 494 1190 eiusque
529 1105 625 1172 sociis
662 1128 818 1172 novarum
853 1095 961 1174 rerum
998 1105 1124 1195 cupidis
1157 1106 1286 1170 faveret.
1338 1103 1504 1189 Sequitur,
1543 1117 1578 1170 ut
1613 1105 1654 1171 de
1682 1104 1915 1171 Eumenidibus
1950 1103 2094 1170 dicamus

215 1209 497 1299 quaestionemque
518 1210 733 1290 instituamus,
764 1211 843 1296 quid
871 1211 932 1278 sibi
960 1211 1097 1278 voluerit
1125 1222 1221 1296 poeta
1251 1209 1296 1274 eis
1322 1207 1450 1274 fabulae
1477 1208 1557 1275 locis
1585 1209 1641 1294 qui
1671 1208 1713 1274 ad
1742 1231 1938 1296 areopagum
1961 1209 2094 1296 eiusque

213 1311 466 1400 imminutionem
489 1314 648 1382 referendi
671 1314 848 1382 videantur.

370 1419 486 1486 Varias
514 1420 554 1486 de
583 1443 621 1485 ea
649 1443 684 1487 re
706 1420 768 1486 viri
796 1421 883 1487 docti
912 1420 1115 1510 protulerunt
1139 1419 1323 1496 sententiae,
1352 1441 1488 1504 quarum
1511 1440 1594 1503 quae
1616 1417 1803 1502 longissimo
1827 1418 1932 1505 spatio
1954 1419 2037 1484 inter
2058 1442 2094 1484 se

214 1527 342 1604 dietant,
365 1537 440 1590 sunt
461 1523 505 1591 K.
527 1521 752 1608 0.Mo11er12)
775 1537 807 1592 et
829 1523 1034 1608 Onclreniily.
1079 1525 1131 1591 Ac
1153 1523 1273 1589 Mttller
1295 1523 1425 1609 quidem
1448 1523 1482 1588 id
1504 1523 1704 1608 potissimum
1727 1523 1803 1611 agit,
1826 1535 1863 1589 ut
1885 1524 2116 1603 demonstret„

215 1613 424 1716 Aeschylum,
446 1629 613 1696 lentorem
642 1627 787 1696 Cimonis
818 1629 1101 1715 adversariumque
1123 1629 1270 1707 Periclis,
1300 1627 1420 1716 populo
1449 1627 1655 1715 persuadere,
1683 1650 1724 1693 ne
1751 1627 1845 1694 nimie
1874 1628 1966 1695 novis
1995 1628 2092 1695 rebus

214 1735 350 1800 studeat.
395 1733 509 1800 Totius
536 1745 643 1800 antem
668 1733 797 1801 fabulae
823 1735 980 1803 rationem
1008 1746 1105 1821 atque
1135 1733 1302 1800 consilium
1330 1756 1367 1800 eo
1391 1732 1552 1820 pertinere
1575 1744 1695 1813 censet,
1723 1744 1761 1799 ut
1783 1755 1990 1820 areopagum,
2016 1757 2093 1822 pro·

213 1839 433 1928 pugnaculum
455 1838 619 1919 nobilium,
643 1839 793 1906 defendat
815 1863 835 1906 a
856 1839 991 1906 Periclis
1014 1839 1282 1929 populariumque
1306 1835 1489 1922 consiliis4).

369 1942 476 2010 Multa
498 1966 574 2010 vera
596 1955 682 2010 certe
704 1944 809 2011 inesse
832 1944 1048 2011 confitendum
1073 1957 1122 2011 est
1145 1945 1178 2011 in
1201 1965 1240 2010 ea
1253 1943 1385 2009 Mttlleri
1409 1942 1575 2022 sententia,
1599 1942 1657 2008 sed
1680 1943 1788 2010 exeis
1810 1965 1893 2030 quae
1916 1944 2092 2031 praemisit,

213 2049 293 2117 haec
316 2047 488 2128 concludit,
512 2072 595 2134 quae
617 2049 706 2115 nullo
729 2050 824 2118 modo
847 2049 1014 2138 probanda
1037 2061 1120 2116 sunt.

369 2154 421 2220 Ac
441 2153 582 2240 primum
605 2155 736 2240 quidem
759 2166 877 2234 censet,
908 2153 1081 2243 Ephialten
1105 2155 1146 2236 (e.
1169 2153 1343 2234 Periclem)
1366 2153 1400 2218 id
1424 2153 1540 2240 egisse,
1568 2163 1605 2218 nt
1626 2151 1746 2220 iudicia
1767 2153 1916 2241 capitalia
1936 2153 2093 2220 adimeret

213 2281 383 2346 areopago,
406 2258 496 2345 qnod
518 2259 563 2324 eis
587 2281 670 2344 quae
685 2260 1005 2327 commemoravimus
1020 2271 1165 2326 veterum
1181 2257 1369 2324 testimoniis
1384 2257 1587 2336 dissolvitur3
1611 2269 1689 2338 tum,
1713 2281 1778 2344 quo
1801 2270 1944 2347 tempore
1967 2259 2093 2326 dederit

214 2363 412 2430 Eumenidas
427 2363 621 2449 Aeschylus,
645 2365 789 2432 nondum
810 2364 965 2453 perlatam
988 2363 1087 2429 luisse
1110 2363 1216 2451 legem
1231 2361 1412 2450 Ephialtes,
1436 2362 1523 2448 quod
1546 2363 1704 2430 refellitur
1726 2363 1784 2442 eis,
1807 2385 1891 2449 quae
1914 2363 1954 2430 de
1977 2363 2092 2431 ordine

213 2481 394 2557 temporum
416 2491 515 2557 supra
537 2468 685 2536 diximus.
709 2507 747 2517 —
774 2468 902 2553 Quodsi
924 2470 966 2536 ad
987 2467 1142 2536 iudicium
1165 2469 1244 2552 (non
1267 2467 1308 2533 ad
1331 2476 1490 2548 senatum)
1514 2469 1665 2556 areopagi
1687 2469 1873 2535 referuntur
1896 2467 1941 2535 illi
1965 2468 2092 2536 fabulae

214 2573 286 2654 loci,
323 2572 401 2638 nihil
439 2573 485 2638 eis
520 2573 626 2640 inesse
664 2586 770 2660 potest
805 2576 867 2642 nisi
903 2572 1094 2651 adhortatio,
1133 2595 1174 2640 ne
1213 2595 1383 2663 areopago,
1423 2571 1475 2639 cui
1511 2573 1657 2639 custodia
1690 2573 1800 2662 legum
1833 2586 1930 2659 atque
1966 2598 2091 2640 morum

215 2679 277 2745 iam
310 2679 461 2766 adempta
493 2677 544 2757 sit,
577 2677 696 2746 iudicia
726 2703 855 2766 quoque
887 2679 1034 2768 capitalia
1062 2680 1277 2746 detrahantur.
1312 2716 1348 2726 —
1382 2677 1423 2744 Id
1454 2689 1562 2744 autem
1591 2677 1745 2765 Aeschyli
1776 2679 1905 2746 minime
1936 2678 2091 2746 interesse

213 2795 356 2872 poteram
387 2781 474 2869 quod
496 2783 568 2871 ipsa
595 2783 649 2851 illa
676 2784 832 2865 custodia,
862 2809 926 2854 non
954 2785 1074 2852 iudicia
1104 2783 1252 2872 capitalia
1280 2807 1476 2874 areopagum
1504 2807 1629 2851 summa
1656 2785 1689 2850 in
1712 2783 1878 2874 republica
1900 2797 2091 2853 ornaverant

213 2889 411 2956 auctoritate.
1848 2949 1853 2960 .

370 2993 599 3062 Diversissima
626 2992 667 3062 ab
694 2993 755 3062 hac
777 2993 910 3062 Mttlleri
932 2991 1093 3062 Onckenii
1123 2995 1281 3062 sententia
1310 3005 1369 3075 est,
1401 2994 1457 3081 qui
1480 3007 1599 3076 censet,
1628 3005 1751 3062 tantum
1779 2994 1892 3063 abesse
1921 3007 2092 3064 utcontra

370 3448 390 3517 ¹)
412 3463 437 3502 v.
455 3449 507 3504 583
524 3465 562 3519 sq.
725 3445 742 3517 ἢ
759 3449 811 3520 γὰρ
830 3449 958 3516 nuncupa<
976 3451 1067 3500 πλοῖον
1086 3443 1190 3520 εὐσεβὴς
1207 3445 1282 3520 ἀνὴρ,

728 3534 848 3589 ναύταισι
866 3541 980 3608 θερμοῖς
998 3540 1042 3589 aul
1059 3542 1206 3608 πανουργίᾳ
1223 3558 1273 3588 τινι

728 3621 826 3676 ὄλωλεν
845 3618 947 3696 ἀνδρῶν
965 3623 1011 3678 οὐν
1029 3619 1186 3692 θεοπτύστῳ
1204 3629 1269 3694 γένει

729 3709 746 3778 ἢ
763 3711 807 3770 ξὺν
825 3713 944 3772 πολίταις
962 3707 1094 3784 cirdpu'orr,
1115 3714 1215 3772 δίκαιος
1233 3709 1276 3770 ὢν.

729 3801 891 3870 ἐχθροξένοις
908 3819 937 3852 τε
956 3803 1001 3852 aut
1020 3799 1092 3852 θεῶν
1111 3795 1265 3870 ἀμνήμοσιν,

727 3882 827 3939 ταὺτοῦ
844 3883 954 3958 κυρήσας
972 3889 1077 3946 ἐνδίκως
1096 3883 1268 3960 ἀγρεύματος,

727 3977 831 4042 πληγεὶς
848 3975 916 4028 θεοῦ
933 3971 1042 4044 μοότνγν
1060 3979 1192 4044 παγκοίνῳ
1208 3971 1298 4046 'dripq

369 4059 441 4128 ²)K.
459 4058 490 4115 0.
509 4059 802 4128 Maltamonenses,
821 4061 969 4130 Gottingen
989 4061 1065 4116 1833.

368 4145 391 4214 ³)
409 4145 450 4201 W.
467 4145 583 4214 Oncleu,
602 4147 693 4202 Athen
710 4147 765 4202 und
783 4147 884 4202 Helles.
919 4147 1028 4218 Leipzig
1048 4149 1123 4206 1865.

369 4232 390 4301 ⁴)
407 4232 481 4288 Eum.
499 4249 561 4304 pag.
582 4235 644 4290 115:
671 4235 756 4289 Uuter
778 4234 850 4289 allen
868 4235 982 4290 Drsmcn
1006 4235 1053 4290 der
1068 4236 1142 4290 alten
1160 4237 1298 4307 Tragcdic,
1325 4239 1423 4294 welche
1440 4255 1489 4294 une
1503 4237 1628 4294 'erhalton
1647 4239 1716 4306 sind,
1741 4240 1776 4295 ist
1793 4239 1890 4307 heines,
1915 4242 1942 4297 in
1961 4241 2086 4300 walchem

211 4317 258 4373 das
275 4317 425 4387 Mythischc
448 4319 501 4374 und
526 4320 573 4376 das
589 4319 741 4386 Politiseha
765 4319 808 4375 die
827 4321 1030 4392 Entniclrclung
1049 4322 1120 4378 einer
1137 4323 1323 4394 Begebenbeit
1339 4343 1386 4381 aus
1405 4325 1464 4382 dem
1481 4327 1636 4382 heroischcn
1653 4327 1781 4383 Zeitalter
1800 4327 1854 4382 und
1873 4329 1916 4384 die
1933 4329 2086 4401 Beniehung

211 4403 257 4460 aul
273 4405 406 4460 Zuetinde
428 4406 482 4461 und
499 4405 648 4478 Ereignisse
672 4407 717 4462 des
740 4407 943 4478 gleichzeitigen
963 4407 1152 4476 Staatslebens,
1178 4427 1205 4465 so
1230 4411 1307 4484 innig
1331 4413 1522 4469 verschmolzen
1547 4417 1641 4480 waren,
1670 4415 1710 4469 als
1733 4413 1776 4470 die
1794 4415 1966 4472 Eumenideu.
1985 4418 2086 4472 —Die

210 4493 370 4560 politischen
387 4494 584 4566 Auspielungen
606 4493 693 4549 husen
712 4495 787 4550 nicht
806 4496 863 4550 blas
880 4495 920 4550 als
937 4495 1007 4551 leine
1025 4497 1078 4552 und
1096 4515 1145 4552 nur
1163 4497 1223 4553 dem
1241 4499 1417 4572 sorglitltigcu
1436 4503 1510 4572 Auge
1529 4501 1692 4558 erkennbere
1709 4501 1800 4558 eaden
1819 4503 1901 4558 durch
1920 4503 1966 4559 das
1983 4504 2086 4574 mytho·

211 4580 329 4650 logiscbe
341 4580 453 4637 Gcwebe
471 4583 614 4651 hindurch;
632 4583 743 4638 eundern
762 4601 789 4638 es
806 4583 902 4638 nimmt
919 4583 1039 4654 auglcich
1058 4583 1101 4640 die
1118 4601 1202 4655 ganne
1219 4587 1369 4657 mythische
1382 4588 1553 4659 Darstellung
1572 4591 1630 4644 eine
1648 4589 1736 4645 solche
1748 4589 1885 4662 Richtung
1902 4591 1950 4646 auf
1959 4591 2085 4647 Instituta

213 4667 258 4722 des
276 4669 413 4724 Attischen
432 4670 618 4738 Staatsreehts,
643 4669 741 4724 welche
765 4670 867 4725 damals
885 4687 930 4725 ror
954 4671 1027 4727 allen
1045 4672 1156 4743 wichtig
1173 4691 1269 4740 waren,
1294 4675 1353 4730 dals
1374 4693 1443 4741 man,
1468 4676 1527 4732 dem
1545 4677 1694 4732 Eindruclse
1713 4676 1758 4732 des
1776 4677 1919 4734 Gedichtes
1936 4679 1992 4734 sich
2010 4678 2085 4734 ither-

213 4753 324 4821 lassend,
342 4757 400 4812 eine
418 4757 477 4812 Zeit
495 4760 561 4829 lang
578 4757 626 4813 das
644 4757 680 4812 im
693 4757 807 4813 Theater
825 4759 1006 4814 vemammelte
1017 4759 1083 4813 Vollr
1102 4759 1144 4814 fnr
1162 4761 1220 4816 eine
1238 4779 1282 4816 zur
1296 4763 1524 4834 Rcratschlagung
1543 4763 1776 4834 uberVerlassnng
1793 4765 1847 4820 uad
1859 4765 1945 4820 Recht
1962 4765 2085 4822 berulene

212 4839 487 4914 Volksversammlung
508 4844 601 4899 hulten
619 4845 699 4899 kann.
717 4875 752 4885 -
771 4845 820 4898 Die
839 4845 1055 4916 Areopagitiscbe
1073 4847 1268 4918 Stiltungsrede
1287 4848 1332 4903 der
1352 4849 1459 4904 Athena
1476 4851 1512 4905 ist
1529 4851 1648 4921 zugleicb
1666 4851 1724 4906 eine
1741 4851 1892 4917 Vollrsrcde,
1917 4852 1975 4907 eine
1992 4853 2085 4908 Deme-

210 4927 292 4997 gorie,
316 4929 344 4982 in
363 4930 475 4985 nelcher
499 4930 541 4986 die
559 4931 739 5001 Ermabnung,
767 4932 827 4987 dem
846 4933 969 5004 Areopag
986 4935 1057 4987 scine
1075 4933 1156 4999 alten,
1181 4934 1436 5006 wohlgegrindeten
1454 4937 1555 4993 Rechts
1574 4955 1605 4992 zu
1621 4938 1714 5003 lassam
1741 4937 1795 4992 und
1819 4937 1862 4992 die
1881 4939 2016 5010 Warnung
2039 4956 2085 4994 vor

211 5015 397 5159 qucrpngep,
423 5017 519 5074 welche
546 5035 577 5074 au
603 5019 678 5076 einer
699 5020 782 5092 rdllig
807 5019 1025 5078 schranlreuloseu
1051 5019 1280 5079 Vollsherrsehalt
1307 5021 1400 5079 sslbren
1427 5025 1550 5092 mussten,
1578 5023 1680 5081 uberall
1705 5025 1765 5082 sehr
1789 5026 1968 5082 vemehmlich
1992 5027 2084 5084 durch·

211 5117 242 5172 ge
262 5108 290 5158 or
321 5105 367 5160 wir
387 5146 393 5160 .
