4616 5766
1138 331 1160 394 4

1045 421 1254 430 ----

366 535 481 622 Neque
504 559 581 602 vero
603 559 763 624 areopago
790 536 832 603 ad
855 538 976 603 scelera
1004 539 1189 622 quaerenda
1215 541 1377 606 accusatio
1400 552 1469 606 erat
1490 542 1716 628 exspectanda,
1746 543 1804 609 sed
1825 544 1921 622 ultro,
1948 545 2025 622 sive,
2054 559 2091 611 ut

210 639 303 706 bodie
332 639 440 706 dicere
463 641 688 707 consuevimus
714 665 774 718 „ex
795 642 921 708 cilicio⁸⁸
945 643 1164 728 quaestionem
1187 644 1306 710 babere
1329 647 1357 710 ei
1380 645 1505 711 licebat.
1559 645 1788 734 Copiosissime
1816 648 1858 713 de
1885 671 1923 714 ea
1949 672 1985 714 re
2013 650 2092 716 dicit

208 745 369 811 Isocrates
404 746 669 834 (Areopagiticus
704 747 886 827 §et-49.
926 747 1191 826 Rauchensteiu).
1248 749 1421 832 Quomodo
1455 762 1561 816 autem
1597 749 1702 834 νόμον
1736 750 1877 834 φυλακὴν
1910 755 2091 819 exercuerit

207 871 387 937 areopagus
415 851 522 916 variae
550 863 625 916 suut
645 851 788 917 virorum
817 851 987 918 doctorum
1014 853 1198 924 sententiae.
1225 891 1264 902 -·
1294 855 1382 920 Illud
1402 855 1534 940 quidem
1557 856 1788 922 demonstravit
1810 853 1854 922 G.
1879 855 2028 935 Schwnh,
2056 859 2089 923 iu

206 954 376 1041 plebiscita
403 967 460 1020 aut
487 956 705 1021 confirmanda
732 967 788 1021 aut
816 956 978 1022 reicienda
1006 959 1056 1024 ius
1087 953 1309 1046 legitimum
1337 983 1401 1026 uon
1430 960 1611 1026 exercuisse
1640 982 1835 1047 areopagum
1845 961 1883 1044 ¹),
1913 961 1970 1026 sed
1993 961 2091 1027 dubi-

207 1060 341 1125 tandum
362 1084 428 1125 uon
450 1071 509 1138 cst,
532 1062 610 1146 quin
632 1083 673 1126 re
696 1061 920 1172 exercuerit-02).

363 1164 457 1230 Haec
483 1165 584 1253 igitur
613 1188 687 1232 cum
714 1189 875 1254 areopago
904 1167 979 1232 inde
1002 1191 1021 1232 a
1044 1165 1164 1234 Solone
1191 1169 1263 1234 iura
1290 1178 1322 1232 et
1351 1179 1528 1254 potestates
1557 1169 1685 1246 luerint,
1714 1169 1777 1234 iam
1800 1169 1978 1250 videamus,
2006 1193 2090 1256 quo-

207 1269 303 1336 modo
326 1292 385 1357 per
407 1281 589 1357 temporum
613 1271 787 1336 decursum
809 1271 864 1337 illa
886 1282 1008 1337 mutata
1030 1272 1095 1337 siut
1117 1285 1149 1338 et
1171 1273 1348 1338 imminuta.

364 1375 464 1440 Bellis
500 1376 585 1440 euim
615 1375 791 1442 Persarum
824 1377 977 1443 coniectis
1013 1378 1126 1465 populi
1157 1380 1302 1465 potentia
1326 1376 1480 1464 paulatim
1510 1378 1623 1464 augeri
1651 1389 1765 1465 coepta
1792 1389 1851 1456 est,
1885 1379 2089 1466 maximeque

207 1479 319 1566 populi
356 1502 485 1545 causam
525 1479 642 1566 agebat
675 1481 829 1546 Pericles.
891 1479 994 1548 Cuius
1029 1481 1145 1548 studiis
1179 1481 1371 1548 resistebant
1404 1480 1538 1556 nobiles,
1578 1482 1634 1567 qui
1670 1505 1866 1568 quamquam
1900 1485 2089 1572 saepissime

207 1584 332 1671 imperii
355 1584 530 1671 cupiditate
552 1587 690 1672 permoti
713 1585 947 1673 repugnabant,
971 1598 1077 1652 tamen
1097 1585 1309 1652 dubitandum
1331 1609 1395 1652 non
1418 1599 1477 1664 est,
1500 1588 1579 1671 quin
1601 1587 1753 1675 permulti
1770 1588 1831 1652 viri
1854 1588 1973 1653 luerint
1994 1590 2089 1655 iuno-

208 1703 328 1760 centes.
351 1691 407 1773 qni
429 1689 648 1776 desperarent,
670 1689 903 1775 rempublicam
927 1691 1046 1757 salvam
1069 1693 1222 1770 futuram,
1245 1693 1272 1756 si
1294 1691 1437 1757 Pericles
1460 1715 1604 1757 summae
1627 1715 1735 1758 rerum
1756 1715 1906 1780 praeesse
1929 1693 2088 1760 desiisset.

208 1791 356 1874 Quorum
384 1794 663 1881 propugnaculum
690 1817 871 1883 areopagus
902 1809 981 1874 erat,
1022 1797 1174 1880 quoniam
1204 1798 1319 1875 omnia,
1359 1819 1441 1881 quae
1475 1797 1517 1862 ad
1551 1799 1619 1862 eius
1651 1810 1840 1884 potestatem
1873 1797 2087 1885 pertinebaut‚

207 1922 365 1964 summam
396 1901 425 1964 ei
455 1898 682 1986 comparabant
712 1901 943 1966 auctoritatem.
987 1901 1105 1986 Populi
1127 1901 1226 1987 igitur
1247 1914 1284 1966 ut
1305 1903 1448 1988 potentia
1470 1903 1724 1980 confirmaretur,
1755 1901 1911 1989 imprimis
1934 1904 2087 1990 areopagi

207 2005 380 2070 auctoritas
404 2016 473 2069 erat
496 2004 720 2082 deminuenda,
742 2005 831 2089 quod
853 2005 974 2070 iactum
997 2017 1047 2069 est
1069 2005 1141 2092 lege
1165 2005 1343 2092 Ephialtae.

365 2107 459 2190 Quae
488 2120 595 2174 autem
625 2109 744 2174 iudicia
771 2133 809 2174 ea
836 2109 909 2196 lege
937 2132 1099 2198 areopago
1130 2111 1194 2175 sint
1221 2111 1394 2189 detractae,
1429 2133 1470 2176 ne
1499 2111 1560 2177 boc
1582 2111 1713 2196 quidem
1742 2111 1818 2175 satis
1845 2111 2087 2198 circumscripte

207 2213 301 2280 uobis
324 2215 479 2280 traditum
501 2226 561 2279 est.
587 2252 625 2262 -
649 2215 805 2280 Veterum
829 2214 1019 2292 testimonia,
1043 2237 1125 2300 quae
1148 2214 1189 2279 ad
1212 2215 1295 2280 hanc
1316 2238 1383 2280 rem
1406 2216 1578 2301 pertinent,
1602 2217 1803 2281 continentur
1825 2215 1875 2280 bis
1897 2215 1993 2282 locis:

362 2320 499 2385 Aristot.
521 2320 592 2386 Pol.
609 2322 640 2398 2,
659 2322 715 2385 12:
824 2323 874 2383 καλ
896 2319 950 2402 τὴν
972 2322 1025 2403 ριέν
1047 2313 1201 2404 ἐν”Αρείῳ
1222 2317 1308 2404 πάγοι
1330 2323 1445 2404 βουλήν
1465 2317 1627 2404 Ἐφιάλτης
1649 2321 1831 2386 ἐκόλουσε
1853 2326 1904 2385 καί
1923 2330 2087 2404 Περικλῆς.

363 2423 450 2490 Plut.
472 2424 588 2490 Pericl.
612 2428 647 2489 ’λε
681 2423 772 2489 τᾶλλα
798 2425 830 2489 δέ
860 2429 967 2504 φίλους
992 2428 1042 2489 καί
1065 2420 1197 2508 ῥήτορας
1217 2426 1355 2504 ἑταίρους
1376 2429 1496 2500 καθιείς
1519 2426 1669 2503 ἔπραττεν,
1700 2416 1743 2489 οἷν
1768 2427 1821 2489 ἕνα
1845 2428 1922 2502 φασί
1944 2427 2087 2509 γενέσθαι

206 2525 259 2594 τδν
278 2523 454 2611 Ἐφιάλτην,
486 2527 528 2606 λίς
556 2533 732 2595 κατέλυσε
760 2525 798 2593 ad
830 2527 972 2612 κράτος
993 2538 1045 2611 τῆς
1066 2531 1096 2606 ἐξ
1114 2524 1234 2612 Ἀρείου
1257 2524 1357 2611 πάγου
1379 2533 1493 2611 βουλῆς
1514 2525 1638 2611 πολλὴν,
1669 2525 1745 2592 κατα
1767 2524 1820 2594 adv
1846 2528 2011 2604 Πλάτωνα,
2034 2533 2086 2595 καί

207 2633 340 2717 ἄκρατον
362 2643 428 2708 τοῖς
448 2637 583 2708 πολίταις
605 2637 779 2714 ἐλευθερίαν
804 2637 959 2714 οἰνοχοῶν.

362 2735 446 2800 Plut.
470 2735 587 2800 Periol.
611 2737 647 2800 9:
684 2728 771 2801 αὗται
798 2733 856 2820 poio
885 2741 920 2800 αί
945 2731 1031 2820 ἆρχαλ
1062 2743 1213 2820 κληρωταί
1240 2731 1263 2800 τ’
1292 2728 1372 2818 ἦσαν
1399 2739 1432 2801 ἐκ
1462 2742 1606 2812 παλαιοῦ,
1640 2739 1690 2800 καί
1720 2730 1756 2800 δι’
1781 2730 1884 2800 αὗτοίν
1907 2741 1939 2801 oi
1959 2743 2084 2819 δοκιμα-

207 2841 329 2917 σθέντες
358 2836 520 2925 οἶνέβαινον
549 2839 724 2922 εἰς”Αρειον
753 2841 863 2924 πάγον·
892 2836 940 2905 διδ
969 2843 1020 2904 καί
1048 2849 1162 2922 μᾶλλον
1193 2839 1317 2922 ἰσχύσας
1346 2836 1362 2906 d
1391 2847 1541 2923 Περικλῆς
1562 2842 1594 2904 ἐν
1621 2848 1663 2926 tp
1685 2839 1771 2925 δήμῳ
1795 2847 2008 2908 κατεστασίασε
2029 2836 2084 2924 τὴν

206 2941 332 3028 βουλὴν,
357 2943 431 3010 ὥστε
452 2944 505 3026 τὴν
527 2947 581 3028 μὲν
604 2941 878 3027 ἇφαιρεθῆναι
899 2939 966 3020 τολς
986 2951 1166 3020 πλείστας
1186 2949 1335 3026 κρίσεις
1357 2939 1394 3009 δι’
1412 2938 1644 3022 Ἐφιᾶλτου....

363 3048 449 3115 Plut.
465 3047 590 3116 Cimon.
608 3049 665 3113 10:
761 3045 795 3125 δς
815 3074 847 3131 γε
870 3051 921 3113 καί
934 3055 1127 3132 Θεμιστοκλεῖ
1145 3051 1223 3130 πέρα
1243 3055 1300 3112 τοῦ
1321 3049 1443 3123 δέοντος
1464 3049 1619 3130 ἐπαίροντι
1634 3047 1689 3130 την
1706 3053 1912 3130 δημοκρατίαν
1930 3041 2084 3130 ιίντέβοινε

205 3151 269 3238 μετ’
290 3149 472 3236 Ἀριστείδου
500 3159 552 3221 καί
580 3151 659 3238 πρδς
677 3149 842 3236 Ἐφιάλτην
871 3149 997 3236 ὕστερον
1024 3150 1122 3237 χάριτι
1143 3161 1198 3217 τοῦ
1220 3147 1320 3234 δήμου
1353 3149 1599 3216 καταλύοντα
1626 3148 1695 3232 τὴν
1723 3153 1761 3228 ἐξ
1779 3150 1929 3234 Ἀρείου
1958 3149 2082 3235 πάγου

204 3254 351 3342 βουλὴν
378 3259 594 3342 διηνέχθη...

363 3361 449 3426 Plut.
480 3359 607 3428 Cimon.
640 3363 696 3426 15:
733 3357 789 3437 Ὦς
823 3364 855 3426 δὲ
888 3358 979 3425 πᾶλιν
1012 3363 1059 3426 ἐπὶ
1096 3365 1251 3441 στρατείαν
1285 3361 1448 3435 ἐξέπλευσε,
1492 3361 1596 3434 τελέως
1632 3355 1789 3434 ἆνεθίντες
1823 3363 1855 3424 οί
1890 3363 1996 3424 πολλοὶ
2030 3363 2082 3424 καλ

207 3469 381 3552 συγχέαντες
410 3463 462 3532 τδν
490 3471 666 3531 καθεστῶτα
696 3473 750 3547 τῆς
778 3471 929 3540 πολιτείας
958 3461 1073 3547 κόσμον
1103 3461 1140 3530 τοί
1167 3491 1197 3528 τε
1223 3461 1335 3546 πάτρια
1357 3458 1482 3545 νόμιμα,
1513 3460 1560 3539 οἷς
1581 3465 1707 3545 ἐχρῶντο
1730 3459 1890 3545 πρότερον,
1917 3458 2081 3543 Ἐφιάλτου

205 3579 406 3654 προεστοῖτος,
438 3566 642 3651 ἇφείλοντο
673 3576 739 3651 της
767 3571 803 3645 ἐξ
821 3563 966 3653 Ἀρείου
996 3564 1117 3653 πάγου
1139 3574 1284 3652 βουλῆς
1305 3564 1373 3641 τὰς
1394 3574 1545 3650 κρίσεις
1565 3561 1665 3647 πλὴν
1688 3561 1833 3651 ὀλίγον
1857 3564 2009 3642 ἆπᾶοας
2030 3569 2082 3632 καί

205 3683 264 3740 τῶν
286 3679 490 3756 δικαστηρίων
511 3678 639 3755 κυρίους
661 3669 787 3748 ἐαοτοιλς
809 3670 990 3754 ποιήσαντες
1012 3677 1055 3747 είς
1076 3672 1210 3754 ἄκρατον
1233 3676 1438 3752 δημοκρατίαν
1461 3672 1602 3752 ἐνέβαλον
1624 3666 1678 3752 τὴν
1699 3671 1799 3736 πόλιν.

365 3777 452 3843 Plut.
483 3778 530 3842 rei
560 3775 650 3864 publ.
673 3798 740 3862 ger.
761 3796 868 3861 praec.
893 3776 949 3840 10:
1084 3772 1143 3841 oria
1175 3769 1277 3860 ἆγνοαῖ
1308 3776 1340 3839 δέ
1371 3771 1418 3838 ὅτι
1446 3777 1497 3838 καλ
1526 3773 1672 3857 βουλήν
1706 3801 1812 3850 τινες
1839 3777 1989 3856 ἐπαχθῆ
2017 3775 2081 3837 καλ

205 3881 460 3968 ὀλιγαρχικήν
481 3879 753 3958 κολούσαντες,
785 3879 883 3964 ὥσπερ
903 3876 1065 3963 Ἐφιάλτης
1084 3874 1262 3963 Ἀθήνησιν,
1292 3881 1343 3943 καλ
1371 3883 1517 3962 Φορμίων
1539 3875 1605 3962 παρ’
1630 3873 1770 3958 Ἠλείοις,
1794 3875 1924 3962 δύναμιν
1947 3877 2008 3961 ἅμα
2030 3881 2080 3944 καλ

204 3985 297 4066 δόξαν
318 3991 413 4070 ἔσχον.

358 4089 442 4156 Ibid.
462 4091 500 4156 15
624 4085 666 4165 τίς
687 4097 837 4173 Περικλῆς
960 4085 997 4153 δι’
1015 4083 1180 4168 Ἐφιάλτου
1203 4082 1270 4169 τὴν
1292 4089 1327 4164 ἐξ
1346 4084 1492 4172 ’Λρείου
1514 4085 1641 4169 adron
1664 4082 1814 4169 βουλὴν
1834 4088 2079 4152 ἐταπείνωσε.

359 4195 494 4262 Diodor.
520 4194 585 4260 Sic.
604 4191 670 4269 XI,
690 4194 747 4256 77:
782 4190 845 4276 ἅμα
868 4197 900 4260 δέ
920 4190 1041 4268 τούτοις
1062 4193 1280 4274 πραττομένοις
1301 4193 1333 4255 ἐν
1354 4192 1408 4272 plu
1430 4201 1496 4266 ταῖς
1515 4186 1663 4271 Ἀθήναις
1682 4188 1844 4270 Ἐφιάλτης
1866 4187 1883 4255 δ
1902 4196 2079 4272 Σιμωνίδου

203 4298 381 4384 δημαγωγός
403 4297 446 4364 civ
468 4303 517 4364 καί
538 4296 572 4363 vd
591 4304 714 4379 πλῆθος
734 4294 908 4378 παροξύνας
929 4293 1004 4360 κατὰ
1026 4302 1086 4360 τοῖν
1099 4288 1328 4379 Ἀρεοπαγιτῶν,
1352 4297 1447 4358 ἐπεισε
1462 4292 1515 4358 cdv
1532 4299 1630 4376 δῆμον
1645 4301 1818 4375 ψηφίσματι
1841 4300 2003 4377 μειῶσαι
2024 4290 2080 4376 τὴν

200 4400 314 4487 Ἀρείου
337 4400 437 4487 πάγου
460 4400 576 4487 βουλὴν
598 4403 648 4465 καί
669 4397 709 4465 ut
731 4398 876 4484 πάτρια
898 4403 959 4464 καί
982 4393 1199 4484 περιβοητιλ
1220 4395 1362 4481 νδμιμα
1384 4405 1612 4462 καταλῦσαι.

357 4506 496 4573 Pausan.
525 4511 552 4584 l,
576 4507 628 4582 29,
656 4507 709 4570 15:
741 4499 904 4590 Ἐφιιίλτης
925 4501 969 4570 sd
992 4501 1139 4586 νόμιμα
1161 4497 1204 4566 τὰ
1227 4506 1264 4568 ἐν
1283 4496 1411 4589 Ἀρείςο
1434 4498 1539 4590 adron
1561 4498 1724 4586 pellecta
1746 4503 1976 4585 ἐλυμήνατο.

360 4909 379 4976 ¹)
397 4907 428 4962 G.
447 4905 567 4972 Schwnh,
591 4904 732 4976 cmoritur,
751 4921 813 4960 unm
832 4905 901 4972 quod
921 4905 1074 4973 Areopagus
1091 4903 1118 4957 iu
1137 4901 1278 4972 plebiscita
1295 4903 1343 4955 aut
1360 4899 1536 4955 continuanda
1554 4903 1601 4954 aut
1621 4899 1754 4956 reicienda
1771 4901 1811 4955 ius
1829 4902 1972 4956 exercuerit
1989 4901 2078 4970 legiti-

200 5011 281 5050 mm·
315 4994 429 5152 Stu'llll
439 4995 620 5144 1δολέοοιοοοο,
633 5079 960 5150 Vertassunusaesehienu
972 5079 1074 5133 Athens
1091 5094 1153 5147 pag.
1165 5079 1207 5131 77.
1220 5105 1253 5114 -
1266 5075 1394 5129 Isocrates
1407 5075 1585 5144 Panesslflffi
1602 5075 1655 5130 ΠΜ
1671 5077 1873 5146 mmmm
1890 5076 1931 5130 δᾶ·
1943 5076 2078 5130 mem

201 5169 279 5236 τεοῖο,
296 5185 358 5241 ρος.
372 5171 430 5226 113.
465 5169 603 5224 Demostb.
621 5185 669 5236 pro
687 5183 783 5223 corona
800 5169 888 5236 5134.
