4616 5766
370 1519 780 1733 Aeschylus
835 1567 980 1730 quo
1041 1523 1376 1732 tempore
1436 1519 1935 1732 composuerit

730 1777 1109 1944 Oresteam
1175 1776 1574 1988 quaeritur.

995 2160 1307 2168 ——-————--——.

369 2336 529 2452 Omnium
559 2386 713 2473 Aeschyli
745 2385 925 2452 fabularum
960 2386 1039 2452 nulli
1071 2398 1135 2451 tam
1168 2385 1269 2452 multa
1298 2385 1417 2464 insunt,
1454 2407 1536 2470 quus
1570 2385 1612 2450 ad
1647 2397 1829 2472 temporum
1857 2383 2087 2464 condicionem,

213 2512 330 2575 easque
359 2513 411 2556 res
440 2513 523 2575 quae
551 2502 620 2556 tum
642 2490 780 2556 Athenis
803 2489 998 2576 gerebantur
1025 2491 1194 2556 referenda
1215 2487 1387 2556 videantur
1412 2511 1492 2568 esse,
1522 2513 1618 2575 quam
1642 2489 1886 2556 Eumenidibus.
1932 2487 2089 2572 Quamvis

213 2607 319 2660 autem
342 2595 432 2660 multi
450 2597 514 2661 sint
531 2595 687 2660 eiusmodi
706 2594 779 2673 loci,
803 2607 909 2660 tomen
932 2617 997 2660 non
1020 2618 1060 2660 ex
1082 2594 1231 2661 omnibus
1254 2595 1330 2659 satis
1345 2606 1489 2681 apparet,
1514 2594 1592 2680 quid
1616 2593 1677 2659 sibi
1691 2594 1829 2660 voluerit
1851 2613 1956 2681 poeta,
1980 2595 2088 2680 itaque

212 2700 273 2764 iam
297 2701 415 2766 multos
438 2713 512 2766 ante
535 2723 635 2766 annos
653 2699 966 2766 vehementissimum
989 2701 1073 2765 inter
1094 2701 1181 2766 viros
1204 2699 1316 2766 doctos
1341 2711 1501 2764 certamen
1525 2699 1644 2764 exarsit
1667 2699 1707 2763 de
1724 2699 1969 2777 Eumenidibus,
1992 2710 2088 2784 atque

212 2807 348 2870 maxime
372 2805 412 2869 de
435 2817 580 2892 tempore
603 2827 667 2889 quo
690 2805 723 2868 in
746 2827 874 2869 scenam
896 2804 1075 2891 productae
1097 2805 1172 2869 sint.
1196 2841 1235 2851 -
1261 2802 1376 2888 Neque
1403 2825 1479 2868 vero
1506 2803 1540 2868 id
1567 2804 1769 2890 potissimum
1792 2803 2009 2888 quaerendum
2033 2826 2088 2868 ex-

211 2909 327 2988 istimo,
356 2932 421 2994 quo
444 2921 588 2996 tempora
612 2909 705 2973 data
726 2909 769 2974 sit
791 2905 941 2987 Oresten,
971 2909 1029 2974 sed
1057 2932 1122 2994 quo
1150 2921 1294 2994 tempore
1317 2907 1438 2994 scripta
1460 2907 1501 2971 sit
1523 2907 1698 2974 catabula.
1723 2945 1761 2954 —
1788 2906 1887 2990 Quod
1910 2920 1946 2974 ut
1968 2909 2087 2973 rectius

211 3014 417 3100 intellegatur
442 3014 581 3101 primum
605 3014 749 3081 dicemus
771 3014 811 3079 de
834 3025 1014 3100 temporum
1038 3014 1236 3092 condicione,
1266 3013 1382 3077 deinde
1405 3035 1606 3097 quaeremus,
1631 3013 1709 3099 quid
1733 3013 1773 3077 de
1796 3012 1962 3100 republica
1984 3013 2088 3076 Athe-

212 3119 369 3184 niensium
392 3119 580 3185 iudicaverit
602 3119 795 3205 Aeschylus,
822 3130 985 3205 postremo
1013 3119 1093 3203 qnid
1121 3118 1182 3184 sibi
1209 3117 1347 3185 voluerit
1370 3115 1604 3182 Eumenidibus
1628 3139 1757 3201 quoque
1781 3129 1925 3204 tempore
1947 3116 2088 3182 fabulam

132 3269 135 3278 ·
212 3224 436 3310 composuerit
839 3237 840 3240 ’
1241 3241 1273 3270 ³

367 3327 483 3413 Itaque
505 3329 645 3414 primunr
667 3327 744 3394 mihi
766 3327 939 3393 dicendum
962 3339 1011 3392 ost
1033 3327 1074 3392 dc
1096 3350 1265 3414 areopago.

363 3429 407 3498 ‘H
424 3437 456 3498 ἐν
475 3427 576 3521 Ἀρείρι
597 3433 683 3521 πάγῳ
705 3431 801 3516 βουλή
831 3443 917 3498 certe
945 3432 1175 3518 antiquissimis
1204 3429 1404 3519 temporibus
1430 3431 1577 3498 instituta
1609 3443 1669 3510 cst,
1699 3444 1737 3496 ut
1759 3431 1956 3518 cognitiones
1979 3456 2087 3498 rerum

211 3536 392 3624 sospitalium
416 3550 588 3602 exerceret.
597 3536 623 3621 1)
657 3535 741 3602 Nam
764 3560 837 3602 cum
856 3537 1049 3603 Plutarchus
1072 3548 1192 3615 narrat,
1214 3557 1409 3623 areopagum
1434 3535 1587 3602 aSolone
1611 3558 1681 3602 esse
1702 3536 1930 3618 institutnml),
1954 3560 1993 3602 ex
2015 3539 2086 3624 ipso

211 3664 249 3706 eo
272 3643 343 3708 loco
365 3653 508 3729 apparet,
532 3642 619 3728 apud
641 3656 765 3708 veteres
788 3664 917 3726 quoque
940 3642 1051 3720 fuisse,
1075 3641 1131 3726 qui
1155 3653 1331 3720 censerent,
1354 3641 1418 3706 iam
1442 3655 1515 3706 ante
1535 3639 1687 3707 Solonem
1710 3663 1905 3727 areopagum
1928 3641 2086 3708 derebus

212 3745 400 3833 capitalibus
427 3746 597 3812 iudicasse.
643 3744 784 3831 Quoquo
806 3748 902 3814 modo
929 3769 980 3814 res
1008 3770 1043 3813 se
1073 3745 1178 3824 habet,
1210 3744 1287 3813 Solo
1309 3747 1342 3810 in
1365 3745 1561 3812 instituendo
1582 3767 1741 3833 areopago
1763 3745 1997 3811 vetustissimae
2019 3747 2086 3811 eius

213 3851 272 3916 loci
295 3851 472 3918 sanctitatis
495 3863 677 3938 respectum
700 3852 826 3918 videtur
848 3851 1010 3932 habuisse,
1040 3875 1105 3937 quo
1133 3853 1355 3918 auctoritatem
1382 3852 1450 3918 eius
1473 3851 1581 3917 iudicii
1604 3865 1746 3938 augeret.
1793 3849 1860 3917 Sed
1882 3864 2011 3937 praeter
2033 3875 2085 3918 eas

214 3978 292 4040 quas
321 3956 459 4022 diximus
490 3963 576 4032 δίκας
599 3953 729 4038 φονικάς
755 3957 856 4022 multa
882 3957 944 4022 alia
972 3958 1013 4022 ad
1040 3956 1192 4044 areopagi
1221 3955 1362 4024 officium
1384 3955 1596 4044 pertinebant,
1624 3953 1819 4022 Plutarchus
1849 3956 1980 4040 quidem
2010 3957 2087 4022 dicit

214 4058 281 4126 Sol.
306 4063 361 4126 19:
395 4059 449 4142 τὴν
473 4063 505 4126 δὲ
528 4059 592 4126 ἅνω
619 4057 731 4144 βουλὴν
752 4063 961 4127 ἐπίσκοπον
982 4057 1144 4141 πάντων,
1173 4065 1223 4128 καὶ
1245 4058 1367 4144 φύλακα
1391 4069 1450 4126 τῶν
1473 4059 1579 4144 νόμων
1603 4057 1753 4140 ἐκάθισεν,
1784 4057 1931 4144 οἰόμενος,
1962 4064 1992 4126 ἒν
2016 4065 2086 4126 dccl

211 4172 337 4251 βουλαῖς
366 4163 468 4250 ὥσπερ
497 4161 644 4250 ἀγκύραις
661 4161 831 4248 ,ὁρμοῦσαν
859 4155 949 4247 ἦττον
975 4167 1007 4232 ἒν
1037 4161 1117 4252 σάλῳ
1148 4165 1202 4250 τὴν
1232 4162 1322 4230 πόλιν
1352 4167 1473 4230 ἔσεσθαι
1498 4167 1682 4245 καὶμᾶλλον
1706 4161 1892 4250 ἀτρεμοῦντα
1913 4163 1965 4230 τὸν
1988 4171 2086 4248 δῆμον

211 4272 357 4354 παρέξειν.
403 4266 496 4351 Quae
519 4291 557 4335 ea
578 4267 706 4346 fuerint,
727 4267 816 4334 haud
838 4269 914 4334 satis
937 4281 1048 4335 notum
1071 4269 1164 4336 nobis
1189 4281 1247 4348 est,
1271 4293 1344 4335 cum
1367 4269 1547 4334 testimonia
1569 4279 1712 4334 veterum
1736 4269 1777 4335 de
1800 4291 1838 4334 ea
1859 4292 1895 4335 re
1917 4293 1990 4335 rara
2011 4269 2085 4347 sint,

212 4396 316 4458 neque
350 4371 426 4440 satis
454 4383 542 4438 certa
569 4371 662 4438 nobis
692 4373 828 4438 tradant.
877 4374 945 4440 Alii
974 4375 1058 4440 enim
1086 4383 1230 4442 veterum
1259 4375 1432 4461 scriptores
1460 4385 1600 4450 narrant,
1634 4395 1830 4461 areopagum
1858 4375 2016 4446 iudicasse
2045 4375 2086 4438 de

211 4476 296 4542 laesa
318 4477 482 4564 religione,
504 4477 557 4543 alii
579 4476 620 4543 de
642 4477 835 4565 proditione,
857 4490 1023 4565 praeterea
1045 4479 1085 4543 de
1109 4479 1326 4566 corruptione,
1350 4479 1390 4543 de
1412 4479 1494 4544 falso
1516 4479 1707 4557 testimonio,
1731 4479 1772 4544 de
1794 4479 1921 4545 luxuria
1943 4477 2028 4560 etc.³)

368 4704 388 4773 ¹)
408 4703 544 4760 Demosth.
556 4701 616 4759 adv.
628 4701 752 4756 Aramo.
764 4703 780 4772 ἕ
793 4702 840 4756 22:
860 4741 903 4757 ...
922 4699 1034 4764 δικάζειν
1053 4705 1080 4754 dl
1097 4703 1147 4773 τὴν
1163 4704 1259 4773 βουλὴν
1276 4704 1325 4774 τὴν
1343 4708 1369 4754 ίν
1383 4697 1473 4774 ’Λρείῳ
1490 4699 1565 4772 ποὶμῳ
1583 4699 1666 4772 φόνου
1683 4707 1727 4755 καὶ
1745 4699 1896 4772 τραύματος
1916 4708 1942 4754 ίιι
1960 4709 2085 4775 προνοίας

212 4792 256 4841 sul
274 4791 401 4862 πυρκαϊᾶς
419 4793 463 4842 uus
481 4787 634 4862 φαρμάκων,
653 4786 700 4842 ίᾰν
716 4809 755 4848 τις
774 4785 915 4862 ἀποκτείνῃ
934 4785 1002 4850 dar'rc.

367 4877 388 4947 Β)
412 4877 546 4934 Plutarch.
564 4877 617 4932 Sol.
637 4877 682 4932 19:
706 4881 732 4930 ol
750 4882 798 4946 pls
816 4871 863 4930 οὖν
880 4880 997 4930 πλεῖστοι
1019 4879 1068 4948 τὴν
1086 4873 1218 4950 ίνἏρείρι
1235 4875 1310 4948 πάγῳ
1333 4877 1427 4947 βουλὴν
1446 4874 1530 4948 ὥσπερ
1547 4881 1657 4947 εἴρηται,
1677 4875 1788 4930 Σόλωνα
1807 4875 1995 4947 συστήσασθαί
2011 4898 2084 4949 φασι,

211 4969 255 5017 καί
277 4972 420 5035 μαρτυρεῖν
442 4959 532 5022 αιἰτοῐι·
554 4961 670 5033 μάλιστα
693 4965 764 5016 δοκεῖ
784 4965 816 5016 ud
833 4965 959 5034 μηδαμοῦ
976 4965 1024 5018 τὸν
1041 4962 1183 5037 Δράκοντα
1202 4969 1283 5034 λίμναν
1299 4959 1365 5034 μηδ’
1385 4958 1522 5035 ὀνομάζειν
1536 4960 1734 5035 Ἀμνιοπαμίτας
1752 4960 1819 5018 «itta
1837 4975 1893 5026 τοῖς
1910 4965 2026 5036 Ἰίφιέαις
2045 4961 2086 5018 ἀεὶ

213 5055 382 5120 διαλέγεσθαι
399 5052 528 5123 περὶτῶν
545 5052 663 5121 φονικῶν.

264 5171 266 5180 ·
314 5187 318 5196 ,
366 5139 388 5210 ⁸)
412 5139 444 5194 cl.
464 5137 644 5204 Wachsmuth,
662 5137 759 5193 hellen.
778 5139 1014 5194 Altertumslrunde
1033 5140 1068 5207 ΙΙ,
1090 5142 1112 5206 1,
1131 5141 1191 5225 3l9.

1846 5232 1878 5287 1*
