4616 5766
1130 263 1150 326 6

202 489 309 543 autem
330 475 441 542 fabula
454 475 639 562 Aeschylus
661 473 694 538 id
718 474 795 559 agit,
817 484 854 537 ut
867 471 1022 537 Aristidis
1044 474 1158 539 merita
1179 485 1292 539 contre
1306 473 1533 538 Themistoclis
1554 474 1688 540 summis
1702 473 1853 540 laudibus
1868 473 1979 542 efferat
1988 477 2023 556 1).
2040 513 2079 524 -

202 584 300 650 Nullo
328 583 458 668 quidem
487 582 558 648 loco
581 579 763 666 Aeschylus
785 577 939 670 Aristidis
967 579 1095 643 nominc
1119 579 1229 657 utitur,
1260 578 1318 643 scd
1345 577 1556 644 dubitandum
1579 603 1643 644 non
1672 591 1722 644 est
1742 580 1821 665 quin
1842 603 1954 646 omues
1977 580 2083 646 Athe-

201 690 328 754 nienses
350 687 565 753 intellexerint
588 686 667 771 quid
689 699 785 771 poeta
807 683 868 749 sibi
890 682 1036 748 voluerit

358 792 484 858 Versus
506 803 613 856 autem
635 789 825 853 342—3442
1238 809 1246 820 ·

1023 884 1053 940 A
1057 883 1085 940 Γ
1082 883 1167 940 ΓΕΑ
1172 882 1230 940 ΟΣ

804 982 874 1046 θεοὶ
895 976 983 1044 πόλιν
1007 975 1139 1056 σώζουσι
1163 979 1328 1055 Παλλάδος
1349 987 1433 1055 θεᾶς.

1044 1105 1217 1164 mm

807 1199 843 1269 ἔτ’
868 1197 907 1288 δρ
926 1199 1065 1285 Ἀθηναῖοι
1086 1197 1140 1266 ἔστ’
1164 1196 1344 1285 ἀπόρθητος
1365 1205 1468 1282 miluc,-

1023 1331 1084 1388 ΑΓ
1081 1329 1111 1386 Γ
1109 1329 1230 1388 ΕΛΟΣ

807 1423 930 1512 ἇνδροῖν
952 1426 1010 1512 γδρ
1035 1426 1134 1491 ὄντων
1157 1429 1244 1510 ἕρκος
1265 1431 1342 1494 ἐστὶν
1365 1427 1508 1508 ἆσφαλές.

111 1595 115 1602 .
202 1562 241 1604 ne
265 1539 328 1603 sint
350 1538 435 1604 dicte
457 1549 569 1602 contra
591 1533 851 1609 Themistoclem,
875 1543 962 1597 certe
985 1555 1050 1597 non
1070 1515 1112 1596 ex
1135 1534 1293 1599 sententia
1315 1533 1383 1598 cius
1407 1531 1493 1596 dicta
1515 1530 1639 1620 sunt'J),
1665 1533 1721 1616 qui
1743 1533 1776 1597 in
1800 1555 1910 1599 muros
1932 1534 2079 1602 Athena-

201 1667 272 1709 rum
310 1643 526 1709 aedificandos
566 1640 739 1704 maximum
774 1650 975 1704 converteret
1013 1637 1166 1702 studium.
1206 1675 1244 1685 —
1284 1635 1419 1702 Summa
1459 1649 1566 1702 antem
1605 1637 1701 1702 laude
1737 1639 1913 1704 Aristidem
1949 1639 2080 1706 decorat

201 1748 384 1835 Aeschylus
405 1749 439 1812 in
464 1744 651 1832 „Septem“,
678 1765 761 1827 quae
784 1741 890 1807 fabula
912 1739 1057 1808 Aristide
1080 1741 1154 1808 vivo
1176 1743 1207 1806 in
1233 1764 1362 1807 scenam
1384 1741 1543 1828 producta
1564 1741 1659 1824 esti).

357 1851 441 1919 Cum
471 1851 610 1935 reliquos
637 1849 799 1935 principes
827 1869 922 1912 cseca
949 1844 1038 1911 urbis
1067 1845 1283 1912 devastandae
1306 1847 1479 1934 cupiditate
1501 1846 1712 1913 inflammatos
1735 1848 1840 1926 faciat,
1870 1872 1969 1915 unum
1995 1851 2076 1916 Am-

201 1957 370 2044 phiaraum
393 1968 458 2022 tum
481 1954 672 2022 sublimibus
695 1953 788 2019 effert
809 1950 970 2028 laudibus,
992 1962 1029 2015 ut
1051 1951 1309 2037 praeclarissime
1331 1950 1483 2017 omnibus
1506 1952 1649 2016 excellat.
1696 1952 1786 2018 Dicit
1808 1954 1915 2019 enim:

1034 2080 1247 2140 ΑΓΓΕΛΟΣ.

619 2185 692 2248 549.
723 2179 807 2242 ἕκτον
828 2173 938 2263 λέγοιμ’
960 2173 999 2241 δν
1023 2174 1121 2259 ἄνδρα
1144 2181 1394 2261 σωφρονέστατον

722 2279 816 2364 ἄλκην
838 2281 860 2345 τ’
889 2279 1011 2365 ἄριστον
1034 2276 1153 2363 μδντιν,
1172 2277 1343 2365 ’Λμφιᾶρεσι
1366 2287 1448 2367 βίαν.

619 2483 692 2546 560,
818 2475 893 2557 λε’μει
916 2477 947 2537 δὲ
969 2468 1053 2537 τοῦτ’
1077 2475 1151 2549 ἔπος
1173 2470 1224 2538 διδ
1246 2471 1342 2556 στόμα

721 2571 744 2660 ἦ
765 2588 849 2642 τοῖον
871 2577 959 2660 ἔργον
982 2579 1031 2640 καὶ
1055 2585 1154 2640 θεοῖσι
1176 2580 1352 2658 προσφιλὲς,

722 2679 815 2746 καλόν
835 2675 858 2744 τ’
883 2675 1014 2744 leoena
1036 2683 1086 2744 καὶ
1108 2685 1201 2764 λίγειν
1224 2685 1431 2764 μεθυστέροις,

721 2783 810 2850 πόλιν
833 2781 976 2870 πατρῴαν
999 2785 1050 2847 καλ
1072 2781 1166 2859 θεοὺς
1186 2781 1259 2860 τούς
1280 2787 1407 2868 ἐγγενεῖς

721 2897 859 2970 πορθεῖν,
882 2882 1034 2970 στράτευμ’
1056 2883 1185 2953 ἒπακτδν
1208 2883 1424 2971 ἐμβεβληκότας

722 2987 833 3074 μητρός
855 3017 884 3055 τε
904 2987 1005 3074 πηγήν
1027 2997 1072 3068 τίς
1093 2995 1267 3076 κατασβέσει
1289 2997 1372 3074 δίκη;

721 3099 829 3178 πατρίς
850 3122 880 3160 τε
903 3103 984 3180 γαῖα,
1007 3103 1062 3178 σῆς
1083 3091 1146 3160 inl
1169 3100 1304 3178 σπουδῆς
1326 3098 1394 3178 δορὶ

723 3195 849 3276 nilotica,
872 3207 939 3272 τιαῑς
959 3223 1008 3263 σοι
1029 3195 1181 3282 ξύμμαχος
1203 3195 1357 3283 γενήσεται

722 3393 882 3462 τοιαῦθΗ
937 3400 944 3418 ’
1046 3393 1055 3418 ’
1103 3396 1139 3462 ’δ’
1184 3397 1198 3418 ”
1341 3402 1363 3444 ·’

683 3457 691 3472 .
865 3426 1013 3481 ομαντις
1035 3421 1109 3464 ασιιι
1162 3406 1308 3464 ευιιυκλον
1330 3425 1427 3480 ιεμων

722 3497 894 3586 πάγχαλκον
916 3500 998 3586 ηὔδα
1020 3524 1028 3540 ·
1052 3512 1134 3585 σῆμα
1156 3495 1244 3567 δὀὗιι
1263 3505 1340 3584 εἰιην
1362 3502 1461 3590 κύκλῳ

722 3599 760 3668 οὗ
782 3603 840 3690 γᾶρ
863 3613 963 3672 δοκεῖν
984 3606 1108 3688 ἄριστος
1131 3601 1192 3670 ἀλλ’
1215 3603 1293 3670 είναι
1314 3609 1406 3684 θέλει,

721 3714 853 3791 βαθεῖαν
876 3710 971 3775 ἄλοκα
994 3707 1045 3775 διὰ
1068 3705 1182 3793 φρενδς
1203 3707 1426 3794 καρπούμενος,

722 3813 752 3890 ίξ
773 3804 811 3894 ἧς
832 3811 868 3877 τὰ
891 3813 984 3880 κεδναὶ
1007 3811 1167 3898 βλαστάνει
1188 3811 1389 3897 βουλεύματα.

357 3916 411 3980 Ab
438 3912 587 3980 omnibus
615 3927 732 3992 autem,
759 3916 815 4001 qui
843 3917 1027 3996 audiebant,
1056 3918 1142 3985 hunc
1168 3919 1275 3984 locum
1301 3918 1344 3982 ed
1366 3918 1543 3984 Aristidem
1572 3940 1643 3983 esse
1671 3918 1808 3984 relatum
1837 3931 1971 3984 testatur
1994 3919 2074 3984 Plu-

201 4017 342 4098 tarchus,
363 4021 419 4105 qui
441 4031 562 4097 narrat,
583 4021 668 4084 iuter
690 4043 728 4085 ca
749 4021 847 4088 verbs
869 4021 1011 4087 omnium
1033 4023 1144 4088 oculos
1167 4025 1198 4088 in
1224 4023 1402 4089 Aristidem
1425 4046 1598 4088 conversos
1621 4023 1738 4102 στοαί).

359 4231 378 4298 ¹)
396 4227 528 4298 Imprimis
544 4228 577 4284 cf.
596 4229 648 4282 442
666 4227 693 4282 ll'.

356 4316 378 4382 ἰ
396 4315 428 4369 cl.
447 4315 550 4380 Keller,
570 4315 731 4369 Eumeniden
749 4331 811 4386 pag.
831 4317 889 4371 120.

356 4402 378 4470 ³)
396 4401 428 4456 ti.
446 4403 498 4456 549
515 4417 553 4468 sq.

356 4491 378 4560 ⁴)
395 4489 428 4544 tf.
446 4487 519 4543 Plut
535 4489 619 4544 Arist.
637 4491 668 4544 δε

457 4577 511 4626 nir
528 4579 564 4635 είς
578 4571 742 4646 Ἀμραίραον
759 4571 800 4629 ἦκ’
818 4575 950 4643 Αίυχιῖλου
971 4586 1147 4648 πεποιημένην
1164 4584 1289 4649 ίαμβείιιν
1306 4587 1334 4633 ἓν
1349 4583 1386 4649 τῷ
1406 4579 1517 4649 θεάτρῳ
1535 4585 1686 4650 λεγομένων,

563 4659 602 4718 0ιῖ
618 4666 670 4736 γάρ
689 4667 776 4716 δοκεῖν
793 4681 830 4734 οη,

457 4747 553 4809 πάντες
571 4745 724 4819 ἇπίβλεψαν
742 4754 777 4810 είς
791 4747 960 4822 Ἀριστείδην,
980 4749 1012 4812 air
1031 4757 1116 4822 ίκείνῳ
1133 4753 1249 4823 μάλιστα
1267 4758 1313 4826 της
1333 4751 1427 4826 αἱρετῆς
1446 4755 1543 4824 ταύτης
1562 4753 1745 4827 προσηκούσης.

356 4839 426 4896 Plut
446 4838 684 4909 Apophthegrnata
701 4855 757 4908 reg.
774 4841 803 4893 et
820 4839 940 4909 imperat.
957 4856 1019 4910 pag.
1039 4843 1089 4896 116
1106 4842 1245 4912 (lluttsn):

459 4926 591 4992 Αἰσχύλου
608 4929 636 4978 dl
653 4925 810 4994 ποιησαντος
828 4929 863 4985 είς
880 4923 1052 4998 Ἀμφιάραον·

563 5009 601 5066 Ori
619 5015 670 5085 γὰρ
688 5017 774 5066 δοκεῖν
792 5017 841 5068 ele.

460 5105 504 5152 καῖ
523 5103 666 5168 λιμομίνιιν
682 5099 791 5164 canitur,
810 5099 904 5160 πάντες
922 5107 957 5163 τίς
973 5106 1131 5174 Ἀριστείδην
1148 5099 1307 5174 ἆτιίβλεψαν.
